<record><leader>00000cas a22000007a 4500</leader><controlfield tag="001">14210887</controlfield><controlfield tag="008">860912d18811890pauwr ne      0    0eng d</controlfield><datafield ind1=" " ind2=" " tag="010"><subfield code="a">sn 86081908 </subfield></datafield><datafield ind1=" " ind2=" " tag="040"><subfield code="a">NPH</subfield><subfield code="b">eng</subfield><subfield code="c">NPH</subfield><subfield code="d">OCLCQ</subfield></datafield><datafield ind1=" " ind2=" " tag="042"><subfield code="a">msc</subfield></datafield><datafield ind1="0" ind2="0" tag="245"><subfield code="a">Weekly sun and banner.</subfield></datafield><datafield ind1="1" ind2="7" tag="246"><subfield code="a">Sun and banner</subfield></datafield><datafield ind1=" " ind2=" " tag="260"><subfield code="a">Williamsport, Lycoming Co., Pa. :</subfield><subfield code="b">Sun and Banner Pub. Co.,</subfield><subfield code="c">-1890.</subfield></datafield><datafield ind1=" " ind2=" " tag="300"><subfield code="a">v. :</subfield><subfield code="b">ill. ;</subfield><subfield code="c">60 cm.</subfield></datafield><datafield ind1=" " ind2=" " tag="310"><subfield code="a">Weekly</subfield></datafield><datafield ind1="0" ind2=" " tag="362"><subfield code="a">-v. 19, no. 9 (Jan. 30, 1890) = -v. 15, no. 52.</subfield></datafield><datafield ind1="1" ind2=" " tag="362"><subfield code="a">Began in 1881?</subfield></datafield><datafield ind1=" " ind2=" " tag="500"><subfield code="a">Publisher: James W. Sweely, &lt;June 27, 1889&gt;.</subfield></datafield><datafield ind1=" " ind2=" " tag="580"><subfield code="a">Literary ed.: Grit daily sun and banner.</subfield></datafield><datafield ind1=" " ind2=" " tag="588"><subfield code="a">Description based on: Vol. 8, no. 3 (June 16, 1881).</subfield></datafield><datafield ind1=" " ind2=" " tag="752"><subfield code="a">United States</subfield><subfield code="b">Pennsylvania</subfield><subfield code="c">Lycoming</subfield><subfield code="d">Williamsport.</subfield></datafield><datafield ind1="0" ind2=" " tag="775"><subfield code="t">Daily sun and banner (Williamsport, Pa.)</subfield><subfield code="w">(DLC)sn 85054440</subfield></datafield><datafield ind1="1" ind2=" " tag="775"><subfield code="t">Grit daily sun and banner</subfield><subfield code="w">(DLC)sn 86081757</subfield></datafield><datafield ind1="0" ind2="0" tag="785"><subfield code="t">Williamsport sun and banner (Weekly ed.)</subfield><subfield code="w">(DLC)sn 86081907</subfield></datafield></record>